<collection xmlns="http://www.loc.gov/MARC21/slim">
   <record>
      <leader>02815nam a2200469 i 4500</leader>
      <controlfield tag="001">6800038</controlfield>
      <controlfield tag="003">CaPaEBR</controlfield>
      <controlfield tag="005">20150111135201.0</controlfield>
      <controlfield tag="006">m    eo  d        </controlfield>
      <controlfield tag="007">cr cn |||m|||a</controlfield>
      <controlfield tag="008">150111s2015    nyu    fo     001 0 eng d</controlfield>
      <datafield ind1=" " ind2=" " tag="020">
         <subfield code="a">9781631572067</subfield>
         <subfield code="q">e-book</subfield>
      </datafield>
      <datafield ind1=" " ind2=" " tag="035">
         <subfield code="a">ocn900011224</subfield>
      </datafield>
      <datafield ind1=" " ind2=" " tag="039">
         <subfield code="a">exclude</subfield>
      </datafield>
      <datafield ind1=" " ind2=" " tag="040">
         <subfield code="a">CaBNVSL</subfield>
         <subfield code="b">eng</subfield>
         <subfield code="e">rda</subfield>
         <subfield code="c">CaBNVSL</subfield>
         <subfield code="d">CaBNVSL</subfield>
         <subfield code="d">AEU</subfield>
      </datafield>
      <datafield ind1=" " ind2="4" tag="050">
         <subfield code="a">HM761</subfield>
         <subfield code="b">.F743 2015</subfield>
      </datafield>
      <datafield ind1="0" ind2="4" tag="082">
         <subfield code="a">307</subfield>
         <subfield code="2">23</subfield>
      </datafield>
      <datafield ind1=" " ind2=" " tag="090">
         <subfield code="a">Internet Access</subfield>
         <subfield code="b">AEU</subfield>
      </datafield>
      <datafield ind1="1" ind2=" " tag="100">
         <subfield code="a">Frenkel, Emmanuel A.,</subfield>
         <subfield code="e">author.</subfield>
      </datafield>
      <datafield ind1="1" ind2="0" tag="245">
         <subfield code="a">Community economics /</subfield>
         <subfield code="c">Emanuel A. Frenkel.</subfield>
      </datafield>
      <datafield ind1=" " ind2="1" tag="264">
         <subfield code="a">New York, New York (222 East 46th Street, New York, NY 10017) :</subfield>
         <subfield code="b">Business Expert Press,</subfield>
         <subfield code="c">2015.</subfield>
      </datafield>
      <datafield ind1=" " ind2=" " tag="300">
         <subfield code="a">1 online resource (xi, 76 pages)</subfield>
      </datafield>
      <datafield ind1=" " ind2=" " tag="336">
         <subfield code="a">text</subfield>
         <subfield code="2">rdacontent</subfield>
         <subfield code="0">http://id.loc.gov/vocabulary/contentTypes/txt</subfield>
      </datafield>
      <datafield ind1=" " ind2=" " tag="337">
         <subfield code="a">computer</subfield>
         <subfield code="2">rdamedia</subfield>
         <subfield code="0">http://id.loc.gov/vocabulary/mediaTypes/c</subfield>
      </datafield>
      <datafield ind1=" " ind2=" " tag="338">
         <subfield code="a">online resource</subfield>
         <subfield code="2">rdacarrier</subfield>
         <subfield code="0">http://id.loc.gov/vocabulary/carriers/cr</subfield>
      </datafield>
      <datafield ind1="1" ind2=" " tag="490">
         <subfield code="a">Economics collection,</subfield>
         <subfield code="x">2163-7628</subfield>
      </datafield>
      <datafield ind1=" " ind2=" " tag="500">
         <subfield code="a">Includes index.</subfield>
      </datafield>
      <datafield ind1="0" ind2=" " tag="505">
         <subfield code="a">Chapter 1. Ice cream in Paris -- Chapter 2. Making your personal economy work -- Chapter 3. Time and motivation -- Chapter 4. Thoughtful consumption -- Chapter 5. Self-investment -- Chapter 6. Promoting your talents.</subfield>
      </datafield>
      <datafield ind1=" " ind2=" " tag="506">
         <subfield code="a">Access restricted to authorized users and institutions.</subfield>
      </datafield>
      <datafield ind1="3" ind2=" " tag="520">
         <subfield code="a">Serenity Economics is an action plan for your economic success, a plan that combines easy-to-grasp principles of economics with the key elements of self-improvement. It is a guide to attitudes and actions that will put you on the road to personal economic well-being, and to a deep, satisfying connectedness with your community. Use this book as a motivational road map for your navigation, a road map that will help you reap the benefits of the infinite opportunities awaiting you. But be prepared. Your beliefs about yourself as a player in the economy will change dramatically as you read on.</subfield>
      </datafield>
      <datafield ind1=" " ind2=" " tag="588">
         <subfield code="a">Title from PDF title page (viewed on January 11, 2015).</subfield>
      </datafield>
      <datafield ind1=" " ind2=" " tag="596">
         <subfield code="a">44</subfield>
      </datafield>
      <datafield ind1=" " ind2="0" tag="650">
         <subfield code="a">Community life.</subfield>
         <subfield code="0">http://id.loc.gov/authorities/subjects/sh85029243</subfield>
      </datafield>
      <datafield ind1=" " ind2="0" tag="650">
         <subfield code="a">Self-actualization (Psychology)</subfield>
         <subfield code="x">Economic aspects</subfield>
      </datafield>
      <datafield ind1=" " ind2="0" tag="650">
         <subfield code="a">Success</subfield>
         <subfield code="x">Economic aspects.</subfield>
      </datafield>
      <datafield ind1=" " ind2="0" tag="650">
         <subfield code="a">Social participation.</subfield>
         <subfield code="0">http://id.loc.gov/authorities/subjects/sh85123981</subfield>
      </datafield>
      <datafield ind1=" " ind2=" " tag="758">
         <subfield code="0">http://worldcat.org/entity/work/id/3363568</subfield>
      </datafield>
      <datafield ind1="0" ind2=" " tag="787">
         <subfield code="n">OCLC Work Id</subfield>
         <subfield code="o">http://worldcat.org/entity/work/id/3363568</subfield>
      </datafield>
      <datafield ind1=" " ind2="0" tag="830">
         <subfield code="a">Economics collection.</subfield>
         <subfield code="x">2163-7628</subfield>
         <subfield code="0">http://id.loc.gov/authorities/names/no2013075118</subfield>
      </datafield>
      <datafield ind1="4" ind2="0" tag="856">
         <subfield code="3">University of Alberta Access</subfield>
         <subfield code="u">http://site.ebrary.com/lib/ualbertagep/Doc?id=11001843</subfield>
      </datafield>
      <datafield ind1=" " ind2=" " tag="949">
         <subfield code="h">UAIN</subfield>
         <subfield code="z">EBRARYBEP</subfield>
      </datafield>
      <datafield ind1=" " ind2=" " tag="926">
         <subfield code="a">Internet Access</subfield>
         <subfield code="w">LC</subfield>
         <subfield code="c">1</subfield>
         <subfield code="i">6800038-1001</subfield>
         <subfield code="l">INTERNET</subfield>
         <subfield code="m">UAINTERNET</subfield>
         <subfield code="r">Y</subfield>
         <subfield code="s">Y</subfield>
         <subfield code="t">E-RESOURCE</subfield>
         <subfield code="u">2/9/2015</subfield>
         <subfield code="x">E-BOOK</subfield>
         <subfield code="z">EBRARYBEP</subfield>
      </datafield>
   </record>
</collection>
